%% This BibTeX bibliography file was created using BibDesk.
%% http://bibdesk.sourceforge.net/


%% Created for Alexander Koller at 2006-12-02 10:02:29 -0500 


%% Saved with string encoding Western (ASCII) 


@comment{jabref-meta: selector_author:O ;}

@Article{deemter12,
	year = {2012},
	title = {Towards a computational psycholinguistics of reference production},
	author = {Kees van Deemter and Albert Gatt and Roger van Gompel and Emiel Krahmer},
	journal = {Topics in Cognitive Science}
}

@INCOLLECTION{arec:hybr05b,
  author = {Areces, C. and ten Cate, B.},
  title = {Hybrid Logics},
  booktitle = {Handbook of Modal Logics},
  publisher = {Elsevier},
  year = {2006},
  editor = {Blackburn, P. and Wolter, F. and van Benthem, J.}
}

@InProceedings{viethen-dale:2011:UCNLG+Eval,
  author    = {Viethen, Jette  and  Dale, Robert},
  title     = {GRE3D7: A Corpus of Distinguishing Descriptions for Objects in Visual Scenes},
  booktitle = {Proceedings of the UCNLG+Eval: Language Generation and Evaluation Workshop},
  month     = {July},
  year      = {2011},
  address   = {Edinburgh, Scotland},
  publisher = {Association for Computational Linguistics},
  pages     = {12--22},
}

@inproceedings{arec2:2008:Areces,
  address = {Morristown, NJ, USA},
  author = {Areces, Carlos and Koller, Alexander and Striegnitz, Kristina},
  booktitle = {Proceedings of the Fifth International Natural Language Generation Conference on - INLG '08},
file = {::},
  pages = {42--49},
  publisher = {Association for Computational Linguistics},
  title = {Referring expressions as formulas of description logic},
  year = {2008}
}

@inCollection {hopc:algo71,
  author = {J. Hopcroft},
  editor = {Z. Kohave},
  title = {An $n\log(n)$ algorithm for minimizing states in a finite automaton},
  publisher = {Academic Press},
  booktitle = {Theory of Machines and computations},
  year = 1971
}


@article{kurt:expr99,
  author = {N. Kurtonina and M. de Rijke},
  title = {Expressiveness of concept expressions in first-order description logics},
  volume = {107},
  journal = {Artificial Intelligence},
  year = 1998
}

@article{paig:thre87,
  author = {R. Paige and R. Tarjan},
  title = {Three partition refinement algorithms},
  volume = 16,
  number = 6,
  journal = {SIAM Journal on Computing},
  year = 1987
}

 @Book{baad:desc03,
   editor =      {Baader, F. and McGuiness, D. and Nardi, D. and Patel-Schneider, P. },
   title =       {The Description Logic Handbook: Theory, implementation and applications},
   publisher =   {Cambridge University Press},
   year =        2003
 }


 @Book{blac:moda01,
   author =      {Blackburn, P. and de Rijke, M. and Venema, Y.},
   title =       {Modal Logic},
   publisher =   {Cambridge University Press},
   year =        2001,
 }


@article{VidalGeffner06,
	Author = {Vincent Vidal and Hector Geffner},
	Date-Added = {2006-12-02 10:01:47 -0500},
	Date-Modified = {2006-12-02 10:02:26 -0500},
	Journal = {Artificial Intelligence},
	Number = {3},
	Title = {Branching and Pruning: An Optimal Temporal POCL Planner based on Constraint Programming},
	Volume = {170},
	Year = {2006}}

@article{HoffmannNebel01,
	Author = {J. Hoffmann and B. Nebel},
	Date-Added = {2006-12-02 09:59:40 -0500},
	Date-Modified = {2006-12-02 10:00:54 -0500},
	Journal = {Journal of Artificial Intelligence Research},
	Read = {No},
	Title = {The {FF} Planning System: Fast Plan Generation Through Heuristic Search},
	Volume = {14},
	Year = {2001}}

@techreport{xtag01:_tr,
	Author = {{XTAG Research Group}},
	Date-Added = {2006-11-22 13:22:20 -0500},
	Date-Modified = {2006-11-22 13:22:20 -0500},
	Institution = {IRCS, University of Pennsylvania},
	Number = {IRCS-01-03},
	Title = {A Lexicalized Tree Adjoining Grammar for {English}},
	Year = 2001}

@inproceedings{IPP97,
	Author = {J. Koehler and B. Nebel and J. Hoffmann and Y. Dimopoulos},
	Booktitle = {Proceedings of ECP-97},
	Date-Added = {2006-11-20 18:11:13 -0500},
	Date-Modified = {2006-11-20 18:12:14 -0500},
	Title = {Extending Planning Graphs to an ADL Subset},
	Year = {1997}}

@inproceedings{KolStr02,
	Address = {Philadelphia},
	Author = {A. Koller and K. Striegnitz},
	Booktitle = {Proc. 40th ACL},
	Date-Added = {2006-11-20 17:21:54 -0500},
	Date-Modified = {2006-11-20 17:21:54 -0500},
	Title = {Generation as Dependency Parsing},
	Year = 2002}

@incollection{joshi;etal1997,
	Address = {Berlin},
	Author = {A. Joshi and Y. Schabes},
	Booktitle = {Handbook of Formal Languages},
	Chapter = 2,
	Date-Added = {2006-11-18 20:49:17 -0500},
	Date-Modified = {2006-11-18 20:49:17 -0500},
	Editor = {G. Rozenberg and A. Salomaa},
	Publisher = {Springer-Verlag},
	Title = {Tree-{A}djoining {G}rammars},
	Year = 1997}

@inproceedings{kautz98blackbox,
	Author = {H. Kautz and B. Selman},
	Booktitle = {Workshop Planning as Combinatorial Search, AIPS-98},
	Date-Added = {2006-11-18 19:52:38 -0500},
	Date-Modified = {2006-11-18 19:53:46 -0500},
	Text = {Kautz, H., and Selman, B. 1998. BLACKBOX: A New Approach to the Application
 of Theorem Proving to Problem Solving. Workshop Planning as Combinatorial
 Search, AIPS-98, Pittsburgh, PA, 1998.},
	Title = {BLACKBOX: A New Approach to the Application of Theorem Proving to Problem
 Solving},
	Url = {citeseer.ist.psu.edu/kautz98blackbox.html},
	Year = {1998}}

@inproceedings{Beek1999,
	Abstract = {- encode planning as constraint problem (using FD constraints?)
	
	- domain-specific redundant constraints
	
	- constraints are not shown explicitly
	
	- outperforms BlackBox and IPP by far (but uses domain-specific knowledge)},
	Author = {Peter van Beek and Xinguang Chen},
	Booktitle = {Proc.\  of the 16th AAAI Conference},
	Owner = {Alexander},
	Title = {CPlan: A constraint programming approach to planning},
	Url = {http://ai.uwaterloo.ca/~vanbeek/publications/aaai99.pdf},
	Year = {1999}}

@article{Blum1997,
	Author = {A. Blum and M. Furst},
	Journal = {Artificial Intelligence},
	Owner = {Alexander},
	Title = {Fast planning through graph analysis},
	Url = {http://www.cs.cmu.edu/~avrim/Papers/graphplan.pdf},
	Volume = {90},
	Year = {1997}}

@inproceedings{Dale1998,
	Author = {R. Dale and C. Mellish},
	Booktitle = {Proc.\  of LREC},
	Owner = {Alexander},
	Pdf = {dale-mellish-nlg-eval-lrec98.pdf},
	Title = {Towards the evaluation of Natural Language Generation},
	Year = {1998}}

@inproceedings{Dale1997,
	Author = {R. Dale and M. Milosavljevic and J. Oberlander},
	Booktitle = {Proc.\  of AAAI},
	Owner = {Alexander},
	Pdf = {dale-oberlander-gen-web-aaai97.pdf},
	Title = {The Web as Dialogue: the role of natural language generation in hypertext},
	Year = {1997}}

@article{Dale1995,
	Author = {R. Dale and E. Reiter},
	Journal = {Cognitive Science},
	Owner = {Alexander},
	Pdf = {dale-reiter-950426.pdf},
	Title = {Computational Interpretations of the {Gricean} Maxims in the Generation of Referring Expressions},
	Volume = {19},
	Year = {1995}}

@inproceedings{Danlos1984,
	Author = {Laurence Danlos},
	Booktitle = {Proc.\  of COLING},
	Owner = {Alexander},
	Pdf = {P84-1107.pdf},
	Title = {Conceptual and linguistic decisions in generation},
	Year = {1984}}

@inproceedings{Deemter1999,
	Author = {K. van Deemter and E. Krahmer and M. Theune},
	Booktitle = {Proc.\  KI'99},
	Owner = {Alexander},
	Pdf = {Deemter,Krahmer,Theune - template vs plan.pdf},
	Title = {Plan-based vs. template-based NLG: a false opposition?},
	Year = {1999}}

@inproceedings{Do2000,
	Abstract = {- start with GraphPlan graph
	
	- compile it into a dynamic CSP
	
	- compile DCSP into ordinary CSP
	
	- this ordinary CSP contains some disjunction, but the disjuncts are
	small, and a disjunctive propagator or perhaps even reification should
	be able to deal with them
	
	- size of CSP is quadratic in (some aspects of) the size of the graph
	plan
	
	- in particular, no need to impose an artificial limit on the plan
	size; size of the constraint problem comes from the size of the GraphPlan
	plan.
	
	- performance: outperforms pure GraphPlan, comparable to (but typically
	a little slower than) Blackbox},
	Author = {Binh Minh Do and Subbarao Kambhampati},
	Booktitle = {Proc.\  of the 5th AIPS},
	Owner = {Alexander},
	Title = {Solving planning-graph by compiling it into a {CSP}},
	Url = {http://rakaposhi.eas.asu.edu/1MDo00.pdf},
	Year = {2000}}

@inproceedings{Essers1998,
	Address = {Singapore},
	Author = {V. Essers and R. Dale},
	Booktitle = {Proc.\  of PRICAI98},
	Owner = {Alexander},
	Pdf = {dale-choosing-realiser-pricai98.pdf},
	Title = {Choosing A Surface Realiser: Exploring the Differences in Using KPML/NIGEL and FUF/SURGE},
	Year = {1998}}

@inproceedings{Foster2004,
	Address = {Barcelona},
	Author = {Mary Ellen Foster and Michael White},
	Booktitle = {Proc.\  of the Fourth NLPXML Workshop},
	Owner = {Alexander},
	Pdf = {foster-white-nlpxml2004-final.pdf},
	Title = {Techniques for Text Planning with {XSLT}},
	Year = {2004}}

@inproceedings{Horacek1997,
	Author = {H. Horacek},
	Booktitle = {Proc.\  of the 35th ACL},
	Owner = {Alexander},
	Pdf = {Horacek - ref desc with flexible interfaces - ACL 97.pdf},
	Title = {An Algorithm For Generating Referential Descriptions With Flexible Interfaces},
	Year = {1997}}

@inproceedings{Kay1996,
	Address = {Santa Cruz},
	Author = {Martin Kay},
	Booktitle = {Proc.\  of the 34th ACL},
	Owner = {Alexander},
	Pdf = {Kay - Chart Generation - ACL 96.pdf},
	Title = {Chart Generation},
	Year = {1996}}

@article{Krahmer2003,
	Author = {E. Krahmer and S. van Erk and A. Verleg},
	Journal = {Computational Linguistics},
	Number = {1},
	Owner = {Alexander},
	Pdf = {Krahmer etal, graph-based generation of REs.pdf},
	Title = {Graph-based Generation of Referring Expressions},
	Volume = {29},
	Year = {2003}}

@inproceedings{Langkilde1998,
	Address = {Montreal},
	Author = {Irene Langkilde and Kevin Knight},
	Booktitle = {Proc.\  of the 36th ACL},
	Owner = {Alexander},
	Pdf = {Langkilde, Knight - Generation that exploits corpus-based - Coling-ACL 98.pdf},
	Title = {Generation that Exploits Corpus-Based Statistical Knowledge},
	Year = {1998}}

@inproceedings{Lopez2003,
	Abstract = {- assume size restriction for the GraphPlan plan
	
	- encode STRIPS-style planning problem as a CSP (conjunctions and
	disjunctions of Boolean variables)
	
	- apply simplification rules to the CSP; this brings GraphPlan-style
	graph structure out and inherits GraphPlan's optimisations
	
	- run CSP solver
	
	- performance: outperforms GraphPlan; comparable to BlackBox (SAT-based)
	and IPP (backward reasoning)
	
	- can be extended to deal with resources},
	Author = {Adriana Lopez and Fahiem Bacchus},
	Booktitle = {Proc.\  of the 18th IJCAI},
	Owner = {Alexander},
	Title = {Generalizing {GraphPlan} by formulating planning as a {CSP}},
	Url = {http://www.cs.toronto.edu/~fbacchus/Papers/LBIJCAI2003.pdf},
	Year = {2003}}

@book{matthiessen91:_text,
	Address = {London and New York},
	Author = {C. Matthiessen and J. Bateman},
	Publisher = {Frances Pinter Publishers and St. Martin's Press},
	Title = {Text generation and systemic-functional linguistics: experiences from English and Japanese},
	Year = {1991}}

@article{Mellish2004,
	Author = {Chris Mellish and Roger Evans},
	Journal = {Natural Language Engineering},
	Number = {3/4},
	Owner = {Alexander},
	Pdf = {MELLISH_S1351324904003511a.pdf},
	Title = {Implementation architectures for natural language generation},
	Volume = {10},
	Year = {2004}}

@inproceedings{Mellish1998,
	Author = {Chris Mellish and Alistair Knott and Jon Oberlander and Mick O'Donnell},
	Booktitle = {Proc.\  of the 9th International Workshop on NLG},
	Owner = {Alexander},
	Pdf = {W98-1411.pdf},
	Title = {Experiments using stochastic search for text planning},
	Year = {1998}}

@article{Mellish2004a,
	Author = {Chris Mellish and Mike Reape and Donia Scott and Lynne Cahill and Roger Evans and Daniel Paiva},
	Journal = {Natural Language Engineering},
	Number = {3/4},
	Owner = {Alexander},
	Pdf = {MELLISH_S1351324904003456a.pdf},
	Title = {A Reference Architecture for Generation Systems},
	Volume = {10},
	Year = {2004}}

@article{Reiter1997,
	Author = {E. Reiter and R. Dale},
	Journal = {Journal of Natural Language Engineering},
	Owner = {Alexander},
	Pdf = {reiter-dale-jnle97.pdf},
	Title = {Building Applied Natural Language Generation Systems},
	Volume = {3},
	Year = {1997}}

@inproceedings{Reiter1992,
	Address = {Nantes},
	Author = {E. Reiter and R. Dale},
	Booktitle = {Proc.\  of COLING},
	Owner = {Alexander},
	Pdf = {dale-reiter-92-C92-1038.pdf},
	Title = {A Fast Algorithm for the Generation of Referring Expressions},
	Year = {1992}}

@article{Reiter2003,
	Author = {E. Reiter and R. Robertson and L. Osman},
	Journal = {Artificial Intelligence},
	Number = {1--2},
	Owner = {Alexander},
	Pdf = {Reiter-etal, STOP - learning from failure - aij03.pdf},
	Title = {Lessons from a failure: generating tailored smoking cessation letters},
	Volume = {144},
	Year = {2003}}

@inproceedings{Stock1996,
	Address = {Enschede},
	Author = {Oliviero Stock},
	Booktitle = {Proc.\  of the International Workshop on Computational Humour},
	Comment = {suggested by Ruli},
	Note = {Also to appear in \textit{Humour}},
	Owner = {Alexander},
	Pdf = {stock-humour.pdf},
	Title = {Password Swordfish: Humour in the Interface},
	Year = {1996}}

@inproceedings{Stone2003,
	Address = {Stanford},
	Author = {M. Stone},
	Booktitle = {Proc.\  of the AAAI Spring Symposium: Natural Language Generation in Spoken and Written Dialogue},
	Owner = {Alexander},
	Pdf = {sss03.pdf},
	Title = {Specifying Generation of Referring Expressions by Example},
	Year = {2003}}

@inproceedings{Stone2002,
	Address = {Philadelphia},
	Author = {M. Stone},
	Booktitle = {Proc.\  of the ACL Workshop on Tools and Methodologies for Teaching Natural Language Processing},
	Owner = {Alexander},
	Pdf = {Stone - Taglet - lg101.pdf},
	Title = {Lexicalized Grammar 101},
	Year = {2002}}

@inproceedings{Stone2000,
	Author = {M. Stone},
	Booktitle = {Proc.\ of the 1st INLG},
	Owner = {Alexander},
	Pdf = {spud-inlg00b.pdf},
	Title = {On identifying sets},
	Year = {2000}}

@phdthesis{Stone1998,
	Author = {M. Stone},
	Owner = {Alexander},
	Pdf = {stone-diss.pdf},
	School = {University of Pennsylvania},
	Title = {Modality in Dialogue: Planning, Pragmatics and Computation},
	Year = {1998}}

@article{Stone2003a,
	Author = {M. Stone and C. Doran and B. Webber and T. Bleam and M. Palmer},
	Journal = {Computational Intelligence},
	Number = {4},
	Owner = {Alexander},
	Pdf = {spud.pdf},
	Title = {Microplanning with Communicative Intentions: The {SPUD} System},
	Volume = {19},
	Year = {2003}}

@inproceedings{Stone1997,
	Author = {M. Stone and C. Doran},
	Booktitle = {Proc.\  of ACL},
	Owner = {Alexander},
	Pdf = {spud-acl97.pdf},
	Title = {Sentence Planning as Description Using Tree Adjoining Grammar},
	Year = {1997}}

@inproceedings{Stone1998a,
	Author = {M. Stone and B. Webber},
	Booktitle = {Proc. of the 9th INLG},
	Owner = {Alexander},
	Pdf = {spud-inlg98.pdf},
	Title = {Textual economy through close coupling of syntax and semantics},
	Year = 1998}

@inproceedings{Wanner1996,
	Author = {Leo Wanner and Eduard Hovy},
	Booktitle = {Proc.\  of the 8th International Workshop on NLG},
	Owner = {Alexander},
	Pdf = {W96-0401.pdf},
	Title = {The HealthDoc sentence planner},
	Year = {1996}}

@inproceedings{wedekind95:_some_remar_decid_gener_probl,
	Author = {J{\"u}rgen Wedekind},
	Booktitle = {Proc.\  of the Seventh EACL},
	Title = {Some Remarks on the Decidability of the Generation Problem in {LFG}- and {PATR}-style unification grammars},
	Year = {1995}}

@article{White2004,
	Author = {Michael White},
	Journal = {Research on Language and Computation},
	Owner = {Alexander},
	Pdf = {White-RLaC-2004-to-appear.pdf},
	Title = {Efficient Realization of Coordinate Structures in Combinatory Categorial Grammar},
	Year = {2004}}

@inproceedings{White2004a,
	Author = {Michael White},
	Booktitle = {Proc.\  of INLG},
	Owner = {Alexander},
	Pdf = {White-INLG04-to-appear.pdf},
	Title = {Reining in {CCG} Chart Realization},
	Year = {2004}}

@inproceedings{lavoie97:_fast_portab_realiz_text_gener_system,
	Address = {Washington, DC},
	Author = {Lavoie, Benoit and Rambow, Owen},
	Booktitle = {Proc.\  of the Fifth Conference on Applied Natural Language Processing},
	Title = {A Fast and Portable Realizer for Text Generation Systems},
	Year = 1997}

@inproceedings{shieber89:_seman_head_driven_gener_algor,
	Author = {S. Shieber and G. van Noord and R. Moore and F. Pereira},
	Booktitle = {Proc.\  of the 27th ACL},
	Title = {A Semantic-Head-Driven Generation Algorithm for Unification-Based Formalisms},
	Year = 1989}

@inproceedings{reiter99:_types,
	Author = {E. Reiter and R. Robertson and L. Osman},
	Booktitle = {Proc.\  of the AIMDM Conference},
	Title = {Types of knowledge required to personalise smoking cessation letters},
	Year = 1999}

@article{robin96:_empir,
	Author = {Jacques Robin and Kathleen McKeown},
	Journal = {Artificial Intelligence},
	Title = {Empirically designing and evaluating a new revision-based model for summary generation},
	Volume = 85,
	Year = 1996}


@Article{palmer05:_propos_bank,
  author = 	 {Martha Palmer and Paul Kingsbury and Daniel Gildea},
  title = 	 {The Proposition Bank: An Annotated Corpus of Semantic Roles},
  journal = 	 {Computational Linguistics},
  year = 	 2005,
  volume = 	 31,
  number = 	 1,
}


@Book{appelt:planning,
        Author="Appelt, D.",
        Key="Appelt",
        Title="Planning English Sentences",
        Publisher="Cambridge University Press",
        Address="Cambridge England",
        Year="1985"}

@Article{heeman/hirst:collab,
  author = 	 "P. Heeman and G. Hirst",
  title = 	 "Collaborating on Referring Expressions",
  journal =	 "Computational Linguistics",
  year =	 1995,
  volume =	 21,
  number =	 3
}

@Book{asher/lascarides:2003,
  author =	 {Nicholas Asher and Alex Lascarides},
  title = 	 {Logics of Conversation},
  publisher = 	 {Cambridge},
  year = 	 2003
}

@Article{cohen/perrault:cogsci79,
  author = 	 "P. R. Cohen and C. R. Perrault",
  title = 	 "Elements of a plan-based theory of speech acts",
  journal =	 "Cognitive Science",
  year =	 1979,
  volume =	 3,
  number =	 3
}

@article{DBLP:journals/aim/McDermott00,
  author    = {D. V. McDermott},
  title     = {The 1998 {AI} {P}lanning {S}ystems {C}ompetition.},
  journal   = {AI Magazine},
  volume    = {21},
  number    = {2},
  year      = {2000},
  bibsource = {DBLP, http://dblp.uni-trier.de}
}

@Article{fikes71:_strip,
  author = 	 {R. Fikes and N. Nilsson},
  title = 	 {{STRIPS}: A new approach in the application of theorem proving to problem solving},
  journal = 	 {Artificial Intelligence},
  year = 	 1971,
  volume = 	 2
}

@InProceedings{devault04:_natur_languag_gener_and_discour_contex,
  author = 	 {D. DeVault and C. Rich and C. Sidner},
  title = 	 {Natural Language Generation and Discourse Context: Computing Distractor Sets from the Focus Stack},
  booktitle = {Proc. FLAIRS},
  year = 	 2004}

@InProceedings{thomason/hobbs:abduction,
  author = 	 "R. Thomason and J. Hobbs",
  title = 	 "Interrelating Interpretation and Generation in an
		  Abductive Framework",
  booktitle =	 "AAAI Fall Symposium on Communicative Action",
  year =	 1997
}

@Article{hobbs:abduction/journal,
  author = 	 "J. Hobbs and M. Stickel and D. Appelt and
		  P. Martin",
  title = 	 "Interpretation as abduction",
  journal =	 "Artificial Intelligence",
  year =	 1993,
  volume =	 63
}

@InProceedings{gardent02:_gener_minim_defin_descr,
  author = 	 {C. Gardent},
  title = 	 {Generating minimal definite descriptions},
  booktitle = {Proc.\  of the 40th ACL},
  year = 	 2002
}

@InProceedings{deemter01:_gener_refer_expres,
  author = 	 {K. van Deemter},
  title = 	 {Generating referring expressions: Beyond the incremental algorithm},
  booktitle = {Proc.\  of the 4th IWCS},
  year = 	 2001
}




@Article{deemter02:CL,
  author = 	 {K. van Deemter},
  title = 	 {Generating Referring Expressions: Boolean Extensions of the Incremental Algorithm},
  journal = 	 {Computational Linguistics},
  year = 	 2002,
  volume =	 28,
  number =	 1
}

@InProceedings{dale91:_gener_refer_expres_invol_relat,
  author = 	 {R. Dale and N. Haddock},
  title = 	 {Generating referring expressions involving relations},
  booktitle = {Proc.\  of the 5th EACL},
  year = 	 1991
}

@Article{dovier04:_effic_algor_for_comput_bisim_equiv,
  author = 	 {A. Dovier and C. Piazza and A. Policriti},
  title = 	 {An efficient algorithm for computing bisimulation equivalence},
  journal = 	 {Theoretical Computer Science},
  year = 	 2004,
  volume = 	 311,
  number = 	 {1--3}
}

@InProceedings{deemter06:_build_seman_trans_corpus_for,
  author = 	 {K. van Deemter and I. van der Sluis and A. Gatt},
  title = 	 {Building a semantically transparent corpus for the generation of referring expressions},
  booktitle = {Proc.\ of the 4th INLG},
  year = 	 2006}

@InProceedings{kelleher06:_increm_gener_of_spatial_refer,
  author = 	 {J. Kelleher and G.-J. Kruijff},
  title = 	 {Incremental generation of spatial referring expressions in situated dialog},
  booktitle = {Proc.\  of COLING/ACL},
  year = 	 2006
}

@InProceedings{viethen06:_algor_for_gener_refer_expres,
  author = 	 {J. Viethen and R. Dale},
  title = 	 {Algorithms for Generating Referring Expressions: Do They Do What People Do?},
  booktitle = {Proc.\  of the 4th INLG},
  year = 	 2006
}

@inproceedings{DBLP:conf/ijcai/BohnetD05,
  author    = {B. Bohnet and R. Dale},
  title     = {Viewing Referring Expression Generation as Search},
  booktitle = {Proc.\  of the 19th IJCAI},
  year      = {2005}
}

@InProceedings{KolSto07, 
   author = {A. Koller and M. Stone},
   title  = {Sentence generation as planning}, 
   year   = 2007, 
   booktitle = {Proc.\  of the 45th ACL}
} 

@inproceedings{ dale89cooking,
    author = "R. Dale",
    title = "Cooking up referring expressions",
    booktitle = "Proc. of the 27th ACL",
    year = "1989"
}

@InCollection{gardent07:_gener_bridg_defin_descr,
  author = 	 {C. Gardent and K. Striegnitz},
  title = 	 {Generating Bridging Definite Descriptions},
  booktitle = 	 {Computing Meaning, Vol.~3},
  publisher = {Springer},
  year = 	 2007,
  editor = 	 {H. Bunt and R. Muskens}}


@Article{deemter02:_gener_refer_expres,
  author = 	 {K. van Deemter},
  title = 	 {Generating Referring Expressions: Boolean Extensions of the Incremental Algorithm},
  journal = 	 {Computational Linguistics},
  year = 	 2002,
  volume = 	 28,
  number = 	 1,
  pages = 	 {37--52}}

