@article{Elhadad1999,
author = {Elhadad, Michael and Robin, Jacques},
file = {::},
journal = {Computational Linguistics},
title = {{SURGE : a Comprehensive Plug-in Syntactic Realization Component for Text Generation}},
year = {1999}
}
@article{Reiter2003,
author = {Reiter, Ehud and Robertson, Roma and Osman, Liesl M.},
doi = {10.1016/S0004-3702(02)00370-3},
file = {::},
issn = {00043702},
journal = {Artificial Intelligence},
keywords = {ai and medicine,ai methodology,clinical trials,evaluation,knowledge acquisition,natural language generation,natural language processing,negative results,smoking cessation,user modelling},
month = mar,
number = {1-2},
pages = {41--58},
title = {{Lessons from a failure: Generating tailored smoking cessation letters}},
volume = {144},
year = {2003}
}
@article{Callaway2005,
author = {Callaway, Charles and Not, Elena and Novello, Alessandra and Rocchi, Cesare and Stock, Oliviero and Zancanaro, Massimo},
doi = {10.1016/j.artint.2005.02.001},
file = {::},
issn = {00043702},
journal = {Artificial Intelligence},
keywords = {a,ac,automatic cinematography,c,callaway,ccallawa,corresponding author,e,e-mail addresses,ed,inf,it,itc,m,multimedia presentations,natural language generation,not,novello,o,rocchi,stock,uk,zancana,zancanaro},
month = jun,
number = {1},
pages = {57--89},
title = {{Automatic cinematography and multilingual NLG for generating video documentaries}},
volume = {165},
year = {2005}
}
@book{Reiter2000,
author = {Reiter, E. and Dale, R.},
file = {:home/romina/.local/share/data/Mendeley Ltd./Mendeley Desktop/Downloaded/Unknown - Unknown - No Title(5).pdf:pdf},
publisher = {Cambridge University Press},
title = {{Building natural language generation systems}},
year = {2000}
}
@article{Barzilay2008,
author = {Barzilay, Regina and Lapata, Mirella},
doi = {10.1162/coli.2008.34.1.1},
file = {::},
issn = {0891-2017},
journal = {Computational Linguistics},
month = mar,
number = {1},
pages = {1--34},
title = {{Modeling Local Coherence: An Entity-Based Approach}},
volume = {34},
year = {2008}
}
@article{Stone2003,
author = {Stone, Matthew and Doran, Christine and Webber, Bonnie and Bleam, Tonia and Palmer, Martha},
doi = {10.1111/1467-8640.00221},
file = {::},
issn = {0824-7935},
journal = {Computational Intelligence},
month = nov,
number = {4},
pages = {311--381},
title = {{Microplanning with Communicative Intentions: The SPUD System}},
volume = {19},
year = {2003}
}
@article{Reape1999,
author = {Reape, Mike and Mellish, Chris},
file = {::},
journal = {Discourse},
pages = {20--29},
publisher = {Citeseer},
title = {{Just what is aggregation anyway?}},
year = {1999}
}
@article{Kittredge1991,
author = {Kittredge, Richard and Korelsky, Tanya and Rambow, Owen},
doi = {10.1111/j.1467-8640.1991.tb00403.x},
file = {::},
issn = {0824-7935},
journal = {Computational Intelligence},
keywords = {autre part,connaissance de la communication,constati que les approches,d,de manikre coherente un,de recherche dans la,generation,i phrases ou i,identification de la com-,knowledge sources in text,kt6 orient,la plupart des travaux,paragraphes multiples,planification de textes ont,plusieurs chercheurs ont rccemment,posante rhttorique de la,qui permet de structurer,rhetoric,text planning,texte,vers i},
month = nov,
number = {4},
pages = {305--314},
title = {{On the need for domain communication knowledge}},
volume = {7},
year = {1991}
}
@inproceedings{Belz2008,
address = {Morristown, NJ, USA},
author = {Belz, Anja and Gatt, Albert},
booktitle = {Proceedings of the 46th Annual Meeting of the Association for Computational Linguistics on Human Language Technologies Short Papers - HLT '08},
doi = {10.3115/1557690.1557746},
file = {::},
number = {June},
pages = {197},
publisher = {Association for Computational Linguistics},
title = {{Intrinsic vs. extrinsic evaluation measures for referring expression generation}},
year = {2008}
}
@inproceedings{Cox1999,
author = {Cox, Richard and O'Donnell, M. and Oberlander, Jon},
booktitle = {Proceedings of the Artificial Intelligence in Education conference},
file = {::},
publisher = {Citeseer},
title = {{Dynamic versus static hypermedia in museum education: an evaluation of ILEX, the intelligent labelling explorer}},
year = {1999}
}
@article{Dale2009,
address = {Morristown, NJ, USA},
author = {Dale, Robert and Viethen, Jette},
doi = {10.3115/1610195.1610204},
file = {::},
journal = {Proceedings of the 12th European Workshop on Natural Language Generation - ENLG '09},
number = {March},
pages = {58--65},
publisher = {Association for Computational Linguistics},
title = {{Referring expression generation through attribute-based heuristics}},
year = {2009}
}
@inproceedings{Langkilde1995,
author = {{Langkilde, Irene and Knight}, Kevin},
booktitle = {International Natural Language Generation Workshop},
file = {::},
pages = {248--255},
title = {{The practical value of n-grams in generation}},
year = {1998}
}
@inproceedings{Reiter1994,
author = {Reiter, E.},
booktitle = {Proceedings of the Seventh International Workshop on Natural Language Generation},
file = {:home/romina/.local/share/data/Mendeley Ltd./Mendeley Desktop/Downloaded/Unknown - Unknown - No Title(2).pdf:pdf},
pages = {163--170},
publisher = {Association for Computational Linguistics},
title = {{Has a consensus NL generation architecture appeared, and is it psycholinguistically plausible?}},
year = {1994}
}
@article{Duboue2003,
address = {Morristown, NJ, USA},
author = {Duboue, Pablo a. and McKeown, Kathleen R.},
doi = {10.3115/1119355.1119371},
file = {::},
journal = {Proceedings of the 2003 conference on Empirical methods in natural language processing},
pages = {121--128},
publisher = {Association for Computational Linguistics},
title = {{Statistical acquisition of content selection rules for natural language generation}},
volume = {10},
year = {2003}
}
@article{KrahmerEmielandVanDeemter2011,
author = {{Krahmer, Emiel and Van Deemter}, Kees},
file = {::},
journal = {Computational Linguistics},
title = {{Computational generation of referring expressions: A survey}},
year = {2011}
}
