@InProceedings{gatt-balz-kow:2008:ENLG,
  author    = {Albert Gatt and Anja Belz and Eric Kow},
  title     = {The {TUNA} Challenge 2008: Overview and Evaluation Results},
  booktitle = {Proceedings of the 5th International Conference on Natural Language Generation},
  year      = {2008},
  publisher = {Association for Computational Linguistics},
  pages     = {198--206},
}
@article{benotti-altamirano-jair,
  author    = {Romina Altamirano and Carlos Areces and Luciana Benotti},
  title     = {Probabilistic Refinement Algorithms for the Generation of Referring Expressions},
  year      = {2013},
  publisher = {AAAI Press},
  journal = {Journal of Artificial Intelligence Research {(JAIR)}, Artificial Intelligence},
}
@article {benotti-altamirano-context2013, 
  author = {Luciana Benotti and Romina Altamirano}, 
  title = {Evaluation of a refinement algorithm for the generation of referring expressions},
  journal = {Lecture notes in artificial intelligence}, 
  publisher = {Springer},
  year ={2013}
}


@article {tolone-altamirano, 
  author = {Elsa Tolone and Romina Altamirano}, 
  title = {Frequencies of occurrence in {LGLex} lexicon with {IRASubcat}},
  booktitle = "{ASAI 2013}. Simposio Argentino de Inteligencia Artificial.", 
  year ={2013}
}

@INPROCEEDINGS{arec:2012:coling12,
  author = {Altamirano, R. and Areces, C. and Benotti, L.},
  title = {Probabilistic Refinement Algorithms for the Generation of Referring Expressions},
  booktitle = {Proceedings of the 24th International Conference on Computational Linguistics},
  year = {2012},
  pages = {53--62},
  abstract = {We propose an algorithm for the generation of referring expressions
	that adapts the approach of Areces et al. (2008, 2011) to include
	overspecification and probabilities learned from corpora. After introducing
	the algorithm, we discuss how probabilities required as input can
	be computed for any given domain for which a suitable corpus of REs
	is available, and how the probabilities can be adjusted for new scenes
	in the domain using a machine learning approach. We exemplify how
	to compute probabilities over the GRE3D7 corpus of Viethen (2011).
	The resulting algorithm is able to generate different referring expressions
	for the same target with a frequency similar to that observed in
	corpora. We empirically evaluate the new algorithm over the GRE3D7
	corpus, and show that the probability distribution of the generated
	referring expressions match the one found in the corpus with high
	accuracy.},
  owner = {areces}
}

@inproceedings{KrahmerGRAPH,
          eprintid = {13092},
             month = {June},
            author = {E. J. {Krahmer} and M. {Theune} and J. {Viethen} and I. {Hendrickx}},
         num_pages = {3},
        pres_types = {Poster},
       ispublished = {Published},
              isbn = {not assigned},
           address = {USA},
         publisher = {The Association for Computational Linguistics},
      howpublished = {http://eprints.eemcs.utwente.nl/13092/},
          location = {Salt Fork, Ohio, USA},
       event_dates = {12-14 June 2008},
        event_type = {Conference},
   research_groups = {EWI-HMI: Human Media Interaction},
         booktitle = {Proceedings of the 5th International Natural Language Generation Conference, Salt Fork, Ohio, USA},
          refereed = {No},
  research_programs = {CTIT-NICE: Natural Interaction in Computer-mediated Environments},
  research_projects = {IMIX/IMOGEN: Interactive Multimodal Output Generation},
             title = {{GRAPH}: The Costs of Redundancy in Referring Expressions},
          abstract = {We describe a graph-based generation system that participated in the {TUNA} attribute selection and realisation task of the REG 2008 Challenge. Using a stochastic cost function (with certain properties for free), and trying attributes from cheapest to more expensive, the system achieves overall .76 DICE and .54 {MASI} scores for attribute selection on the development set. For realisation, it turns out that in some cases higher attribute selection accuracy leads to larger differences between system-generated and human descriptions.},
     international = {Yes},
             pages = {227--229},
              year = {2008}
}

@article{Kittredge1991,
  author = {Kittredge, Richard and Korelsky, Tanya and Rambow, Owen},
  file = {::},
  issn = {0824-7935},
  journal = {Computational Intelligence},
  keywords = {autre part,connaissance de la communication,constati que les approches,d,de manikre coherente un,de recherche dans la,generation,i phrases ou i,identification de la com-,knowledge sources in text,kt6 orient,la plupart des travaux,paragraphes multiples,planification de textes ont,plusieurs chercheurs ont rccemment,posante rhttorique de la,qui permet de structurer,rhetoric,text planning,texte,vers i},
  month = nov,
  number = {4},
  pages = {305--314},
  title = {{On the need for domain communication knowledge}},
  volume = {7},
  year = {1991}
}
@article{Elhadad1999,
  author = {Elhadad, Michael and Robin, Jacques},
  file = {::},
  journal = {Computational Linguistics},
  title = {{SURGE : a Comprehensive Plug-in Syntactic Realization Component for Text Generation}},
  year = {1999}
}
@book{Reiter2000,
  author = {Reiter, E. and Dale, R.},
  file = {:home/romina/.local/share/data/Mendeley Ltd./Mendeley Desktop/Downloaded/Unknown - Unknown - No Title(5).pdf:pdf},
  publisher = {Cambridge University Press},
  title = {{Building natural language generation systems}},
  year = {2000}
}
@article{Reape1999,
  author = {Reape, Mike and Mellish, Chris},
  file = {:home/romina/.local/share/data/Mendeley Ltd./Mendeley Desktop/Downloaded/Reape, Mellish - 1999 - Just what is aggregation anyway.pdf:pdf},
  journal = {Discourse},
  pages = {20--29},
  publisher = {Citeseer},
  title = {{Just what is aggregation anyway?}},
  year = {1999}
}

@article{Reiter2003,
  author = {Reiter, Ehud and Robertson, Roma and Osman, Liesl M.},
  file = {:home/romina/.local/share/data/Mendeley Ltd./Mendeley Desktop/Downloaded/Reiter, Robertson, Osman - 2003 - Lessons from a  failure Generating tailored smoking cessation letters.pdf:pdf},
  issn = {00043702},
  journal = {Artificial Intelligence},
  keywords = {ai and medicine,ai methodology,clinical trials,evaluation,knowledge acquisition,natural language generation,natural language processing,negative results,smoking cessation,user modelling},
  month = mar,
  number = {1-2},
  pages = {41--58},
  title = {{Lessons from a failure: Generating tailored smoking cessation letters}},
  volume = {144},
  year = {2003}
}
@article{Duboue2003,
  address = {Morristown, NJ, USA},
  author = {Duboue, Pablo a. and McKeown, Kathleen R.},
  file = {:home/romina/.local/share/data/Mendeley Ltd./Mendeley Desktop/Downloaded/Duboue, McKeown - 2003 - Statistical acquisition of content selection rules for natural language generation.pdf:pdf},
  journal = {Proceedings of the 2003 conference on Empirical methods in natural language processing -},
  pages = {121--128},
  publisher = {Association for Computational Linguistics},
  title = {{Statistical acquisition of content selection rules for natural language generation}},
  volume = {10},
  year = {2003}
}

@article{Callaway2005,
author = {Callaway, Charles and Not, Elena and Novello, Alessandra and Rocchi, Cesare and Stock, Oliviero and Zancanaro, Massimo},
file = {::},
issn = {00043702},
journal = {Artificial Intelligence},
keywords = {a,ac,automatic cinematography,c,callaway,ccallawa,corresponding author,e,e-mail addresses,ed,inf,it,itc,m,multimedia presentations,natural language generation,not,novello,o,rocchi,stock,uk,zancana,zancanaro},
month = jun,
number = {1},
pages = {57--89},
title = {{Automatic cinematography and multilingual NLG for generating video documentaries}},
volume = {165},
year = {2005}
}
@inproceedings{Areces2008,
address = {Morristown, NJ, USA},
author = {Areces, Carlos and Koller, Alexander and Striegnitz, Kristina},
booktitle = {Proceedings of the Fifth International Natural Language Generation Conference on - INLG '08},
file = {::},
pages = {42--49},
publisher = {Association for Computational Linguistics},
title = {{Referring expressions as formulas of description logic}},
year = {2008}
}
@article{Barzilay2008,
author = {Barzilay, Regina and Lapata, Mirella},
file = {:home/romina/.local/share/data/Mendeley Ltd./Mendeley Desktop/Downloaded/Barzilay, Lapata - 2008 - Modeling Local Coherence An Entity-Based Approach.pdf:pdf},
issn = {0891-2017},
journal = {Computational Linguistics},
month = mar,
number = {1},
pages = {1--34},
title = {{Modeling Local Coherence: An Entity-Based Approach}},
volume = {34},
year = {2008}
}
@inproceedings{Reiter1994,
author = {Reiter, E.},
booktitle = {Proceedings of the Seventh International Workshop on Natural Language Generation},
file = {:home/romina/.local/share/data/Mendeley Ltd./Mendeley Desktop/Downloaded/Unknown - Unknown - No Title(2).pdf:pdf},
pages = {163--170},
publisher = {Association for Computational Linguistics},
title = {{Has a consensus NL generation architecture appeared, and is it psycholinguistically plausible?}},
year = {1994}
}
@book{Manning2000,
author = {Manning, Christopher D and Sch\"{u}tze, Hinrich},
booktitle = {Reading},
file = {:home/romina/impuestos/imp/snlp.pdf:pdf},
title = {{Foundations of Statistical Natural Language Processing}},
year = {2000}
}
@book{Hertz1991,
abstract = {This book is a comprehensive introduction to the neural network models currently under intensive study for computational applications. It is a detailed, logically-developed treatment that covers the theory and uses of collective computational networks, including associative memory, feed forward networks, and unsupervised learning. It also provides coverage of neural network applications in a variety of problems of both theoretical and practical interest.},
author = {Hertz, J and Krogh, A and Palmer, R G},
booktitle = {Introduction to the Theory of Neural Computation},
chapter = {nine},
editor = {Hertz, J and Krogh, Anders and Palmer, Richard},
isbn = {0201515601},
pages = {327},
publisher = {Addison-Wesley},
series = {Santa Fe Institute Studies in Sciences of Complexity},
title = {{Introduction to the Theory of Neural Computation}},
volume = {1},
year = {1991}
}
@article{KrahmerEmielandVanDeemter2011,
author = {Krahmer, Emiel and Deemter, Kees Van},
file = {:home/romina/REG-survey-final.pdf:pdf},
journal = {Computational Linguistics},
title = {{Computational Generation of Referring Expressions: A Survey}},
year = {2011}
}
@article{Dale2009,
address = {Morristown, NJ, USA},
author = {Dale, Robert and Viethen, Jette},
file = {:home/romina/.local/share/data/Mendeley Ltd./Mendeley Desktop/Downloaded/Dale, Viethen - 2009 - Referring expression generation through attribute-based heuristics.pdf:pdf},
journal = {Proceedings of the 12th European Workshop on Natural Language Generation - ENLG '09},
number = {March},
pages = {58--65},
publisher = {Association for Computational Linguistics},
title = {{Referring expression generation through attribute-based heuristics}},
year = {2009}
}
@article{Stone2003,
author = {Stone, Matthew and Doran, Christine and Webber, Bonnie and Bleam, Tonia and Palmer, Martha},
file = {::},
issn = {0824-7935},
journal = {Computational Intelligence},
month = nov,
number = {4},
pages = {311--381},
title = {{Microplanning with Communicative Intentions: The SPUD System}},
volume = {19},
year = {2003}
}
@inproceedings{Belz2008,
address = {Morristown, NJ, USA},
author = {Belz, Anja and Gatt, Albert},
booktitle = {Proceedings of the 46th Annual Meeting of the Association for Computational Linguistics on Human Language Technologies Short Papers - HLT '08},
file = {::},
number = {June},
pages = {197},
publisher = {Association for Computational Linguistics},
title = {{Intrinsic vs. extrinsic evaluation measures for referring expression generation}},
year = {2008}
}
@inproceedings{Cox1999,
author = {Cox, Richard and O'Donnell, Mick and Oberlander, Jon},
booktitle = {Proceedings of the Artificial Intelligence in Education conference},
file = {::},
pages = {181--188},
publisher = {Citeseer},
title = {{Dynamic versus static hypermedia in museum education: an evaluation of ILEX, the intelligent labelling explorer}},
year = {1999}
}
@inproceedings{Langkilde1995,
author = {{Langkilde, Irene and Knight}, Kevin},
booktitle = {International Natural Language Generation Workshop},
file = {::},
pages = {248--255},
title = {{The practical value of n-grams in generation}},
year = {1998}
}
@inproceedings{DaleRobertandHaddock1991,
author = {{Dale, Robert and Haddock}, Nicholas},
booktitle = {EACL '91 Proceedings of the fifth conference on European chapter of the Association for Computational Linguistics},
file = {::},
issn = {1551-6709},
month = oct,
pmid = {22040610},
title = {{Generation of Referring Expressions Involving Relations}},
year = {1991}
}
@article{Krahmer2003,
author = {Krahmer, Emiel and Erk, Sebastiaan Van and Verleg, Andr\'{e}},
file = {::},
issn = {0891-2017},
journal = {Computational Linguistics},
month = mar,
number = {1},
pages = {53--72},
title = {{Graph-Based Generation of Referring Expressions}},
volume = {29},
year = {2003}
}
@article{Mellish2006,
author = {Mellish, Chris and Scott, Donia and Cahill, Lynne and Paiva, Daniel and Evans, Roger and Reape, Mike},
file = {::},
isbn = {1351324906004},
issn = {1351-3249},
journal = {Natural Language Engineering},
month = mar,
number = {01},
pages = {1},
title = {{A Reference Architecture for Natural Language Generation Systems}},
volume = {12},
year = {2006}
}
@InProceedings{viethen-dale:2011:UCNLG+Eval,
  author    = {Viethen, Jette  and  Dale, Robert},
  title     = {GRE3D7: A Corpus of Distinguishing Descriptions for Objects in Visual Scenes},
  booktitle = {Proceedings of the UCNLG+Eval: Language Generation and Evaluation Workshop},
  month     = {July},
  year      = {2011},
  address   = {Edinburgh, Scotland},
  publisher = {Association for Computational Linguistics},
  pages     = {12--22},
}

@article{Reiter09,
author = {Reiter, Ehud and Belz, Anja},
file = {:home/romina/impuestos/imp/10.1.1.156.9605.pdf:pdf},
journal = {Computational Linguistics},
number = {December 2008},
title = {{An Investigation into the Validity of Some Metrics for Automatically Evaluating Natural Language Generation Systems}},
year = {2009}
}

@InProceedings{KolByrCasDalStrMooObe09, 
   author = {Alexander Koller and Donna Byron and Justine Cassell 
             and Robert Dale and Kristina Striegnitz and Johanna 
             Moore and Jon Oberlander}, 
   title  = {The software architecture for the First Challenge on 
             Generating Instructions in Virtual Environments}, 
   year   = 2009, 
   booktitle = {Proceedings of the 12th Conference of the European 
             Chapter of the ACL (Demo Session)}, 
   address = {Athens} 
} 
@inproceedings{PachecoDuboue,
  author    = {Fabi{\'a}n Pacheco and
               Pablo Duboue and
               Mart\`{\i}n Dom\`{\i}nguez},
  title     = {On The Feasibility of Open Domain Referring Expression Generation
               Using Large Scale Folksonomies},
  booktitle = {HLT-NAACL},
  year      = {2012},
  pages     = {641-645},
  ee        = {http://www.aclweb.org/anthology/N12-1082},
  crossref  = {DBLP:conf/naacl/2012},
  bibsource = {DBLP, http://dblp.uni-trier.de}
}


%%================================================================
%% Conserver ces lignes STRING en d\'ebut de fichier de bibliographie
%%================================================================
@STRING{TALN = {Traitement automatique des langues naturelles}}
@STRING{TALNPAREN = " (" \# TALN \# ")"}
@STRING{ACTESDE = "Actes de "} 

%%================================================================
%% Introduire vos entr\'ees bibliographiques ici
%%================================================================

%% exemples d'entr\'ees de TALN (simplifi\'ee gr\^ace \`a une r\'ef\'erence crois\'ee)
%%=================== modifs commence - IITB/CDACM ====
@book{au1972,
       author={Alfred V. Aho and Jeffrey Ullman},
       title={The Theory of Parsing, Translation and Compiling},
       publisher={Prentice-Hall},
       address={EngleWood Cliffs, NJ},
       volume={1},
       year = {1972}
}



@article{cks1981,
       author={Ashok K. Chandra, Dexter C. Kozen, and Larry J.Stockmeyer},
       title={Alternation},
       journal={Journal of the Association for Computing Machinery},
       volume={28},
       number={1},
       year = {1981},
       pages = {114-133}
}

@proceedings{TALN2007,
  title = 	{Actes de TALN 2007 (Traitement automatique des langues naturelles)},
  editor =	 {Farah Benarmara and Nabil Hatout and Philippe Muller and Sylwia Ozdowska},
  address =	 {Toulouse},
  organization = {ATALA},
  publisher =	 {IRIT},
  month =	 JUN,
  year = 	 {2007}
}

@inproceedings{Bernhard07,
  author={Delphine Bernhard},
  title = {Apprentissage non supervis\'e de familles morphologiques par classification  	ascendante hi\'erarchique},
pages =        {367-376}, 
  crossref =     {TALN2007},
  year={2007} 
}

@inproceedings{LaigneletRioult09,
  author =       {Laignelet, M. and Rioult, F.},
  title = {Rep{\'e}rer automatiquement les segments obsolescents {\`a} l{\textquoteright}aide d{\textquoteright}indices s{\'e}mantiques et discursifs},
   booktitle={Actes de TALN 2009 (Traitement automatique des langues naturelles)},
   address={Senlis},
    organization= {ATALA}, 
   publisher={LIPN},
   year={2009}  
}

@inproceedings{mb2012,
       author = {Subhabrata Mukherjee and Pushpak Bhattacharyya},
       title = {WikiSent : Weakly Supervised Sentiment Analysis Through Extractive Summarization With Wikipedia},
       booktitle = {European Conference on Machine Learning (ECML-PKDD 2012)},
       publisher= {Springer},
       address = {Bristol, U.K.},
       pages={250-260},
       year = {2012}
}


%%========================== modifs finit - IITB/CDACM ====

@InProceedings{LanglaisPatry07,
  author =       {Philippe Langlais and Alexandre Patry},
  title =        {Enrichissement d'un lexique bilingue par analogie},
  pages =        {101--110},
  crossref =     {TALN2007}
}

@InProceedings{SeretanWehrli07,
  author =       {Violeta Seretan and Eric Wehrli},
  title =        {Collocation translation based on sentence alignment and parsing},
  pages =        {401--410},
  crossref =     {TALN2007}
}

%% Exemple de citation d'une URL. Mettre la date de consultation en note.
@misc{apalikefr,
	Author = {Markey, Nicolas},
	Date-Added = {2011-12-13 15:22:31 +0000},
	Date-Modified = {2011-12-13 15:40:53 +0000},
	Howpublished = {\url{http://www.lsv.ens-cachan.fr/~markey/BibTeX/bst/apalike-fr.bst}},
	Note = {[consult{\'e} le 01/12/2011]},
	Title = {Style bibtex \texttt{apalike} fran{\c c}is{\'e}},
	Year = {2004}}

%%================================================================
%% Conserver ces lignes qui serviront \`a des r\'ef\'erences crois\'ees
%% en fin de fichier de bibliographie
%%================================================================
@Proceedings{TALN97,
  title = 	 ACTESDE # {TALN 1997} # TALNPAREN,
  booktitle = 	 ACTESDE # {TALN 1997} # TALNPAREN,
  year = 	 1997,
  editor =	 {Damien Genthial},
  address =	 {Grenoble},
  month =	 JUN
}
@InProceedings{gattENLG,
  author    = {Albert Gatt and Anja Belz and Eric Kow},
  title     = {The TUNA Challenge 2008: Overview and Evaluation Results},
  booktitle = {Proceedings of the 5th International Conference on Natural Language Generation (INLG 2008)},
  year      = {2008},
  publisher = {Association for Computational Linguistics},
  pages     = {198--206},
}

@InProceedings{GarGarKolStr10, 
   author = {Andrew Gargett and Konstantina Garoufi and Alexander 
             Koller and Kristina Striegnitz}, 
   title  = {The GIVE-2 Corpus of Giving Instructions in Virtual 
             Environments}, 
   year   = 2010, 
   booktitle = {Proceedings of the 7th International Conference on 
             Language Resources and Evaluation (LREC)}, 
   address = {Malta} 
} 


@InProceedings{ruudINLG2012,
  author    = {Ruud, Koolen  and  Emiel, Krahmer  and  Mari\"{e}t, Theune},
  title     = {Learning Preferences for Referring Expression Generation: Effects of Domain, Language and Algorithm},
  booktitle = {INLG 2012 Proceedings of the Seventh International Natural Language Generation Conference},
  month     = {May},
  year      = {2012},
  address   = {Utica, IL},
  publisher = {Association for Computational Linguistics},
  pages     = {3--11},
}
@Proceedings{TALN98,
  title = 	 ACTESDE # {TALN 1998} # TALNPAREN,
  booktitle = 	 ACTESDE # {TALN 1998} # TALNPAREN,
  year = 	 1998,
  editor =	 {Pierre Zweigenbaum},
  address =	 {Paris},
  organization = {ATALA},
  month =	 JUN
}

@Proceedings{TALN99,
  title = 	 ACTESDE # {TALN 1999} # TALNPAREN,
  booktitle = 	 ACTESDE # {TALN 1999} # TALNPAREN,
  year = 	 1999,
  editor =	 {Pascal Amsili},
  address =	 {Carg\`ese},
  organization = {ATALA},
  month =	 JUL
}

@Proceedings{TALN2000,
  title = 	 ACTESDE # {TALN 2000} # TALNPAREN,
  booktitle = 	 ACTESDE # {TALN 2000} # TALNPAREN,
  year = 	 2000,
  editor =	 {Eric Wehrli and Martin Rajman},
  address =	 {Lausanne},
  organization = {ATALA},
  publisher =	 {EPFL},
  month =	 OCT
}

@Proceedings{TALN2001,
  title = 	 ACTESDE # {TALN 2001} # TALNPAREN,
  booktitle = 	 ACTESDE # {TALN 2001} # TALNPAREN,
  year = 	 2001,
  editor =	 {Denis Maurel},
  address =	 {Tours},
  organization = {ATALA},
  publisher =	 {Universit\'e de Tours},
  month =	 JUL
}

@Proceedings{TALN2002,
  title = 	 ACTESDE # {TALN 2002} # TALNPAREN,
  booktitle = 	 ACTESDE # {TALN 2002} # TALNPAREN,
  year = 	 2002,
  editor =	 {Jean-Marie Pierrel},
  address =	 {Nancy},
  organization = {ATALA},
  publisher =	 {ATILF},
  month =	 JUN
}

@Proceedings{TALN2003,
  title = 	 ACTESDE # {TALN 2003} # TALNPAREN,
  booktitle = 	 ACTESDE # {TALN 2003} # TALNPAREN,
  year = 	 2003,
  editor =	 {B\'eatrice Daille},
  address =	 {Batz-sur-mer},
  organization = {ATALA},
  publisher =	 {IRIN},
  month =	 JUN
}

@Proceedings{TALN2004,
  title = 	 ACTESDE # {TALN 2004} # TALNPAREN,
  booktitle = 	 ACTESDE # {TALN 2004} # TALNPAREN,
  year = 	 2004,
  editor =	 {Philippe Blache},
  address =	 {F\`es, Maroc},
  organization = {ATALA},
  publisher =	 {LPL},
  month =	 APR
}

@Proceedings{TALN2005,
  title = 	 ACTESDE # {TALN 2005} # TALNPAREN,
  booktitle = 	 ACTESDE # {TALN 2005} # TALNPAREN,
  year = 	 2005,
  editor =	 {Mich\`ele Jardino},
  address =	 {Dourdan},
  organization = {ATALA},
  publisher =	 {LIMSI},
  month =	 JUN
}

@Proceedings{TALN2009,
  title = 	 ACTESDE # {TALN 2009} # TALNPAREN,
  booktitle = 	 ACTESDE # {TALN 2009} # TALNPAREN,
  year = 	 {2009},
  address =	 {Senlis},
  organization = {ATALA},
  publisher =	 {LIPN},
  month =	 JUN
}

@PhDThesis{viet:gene11,
	school = {Macquarie University, Sydney, Australia},
	title = {{The Generation of Natural Descriptions: Corpus-Based Investigations of Referring Expressions in Visual Domains}},
	author = {Henriette Anna Elisabeth Viethen}
}

@InProceedings{delucenaENLG,
  author    = {de Lucena, Diego Jesus  and  Paraboni, Ivandr{\'e}},
  title     = {{USP-EACH}: Improved Frequency-based Greedy Attribute Selection},
  booktitle = {Proceedings of the 12th European Workshop on Natural Language Generation (ENLG 2009)},
  month     = {March},
  year      = {2009},
  address   = {Athens, Greece},
  publisher = {Association for Computational Linguistics},
  pages     = {189--190},
}

