@article{Kittredge1991,
author = {Kittredge, Richard and Korelsky, Tanya and Rambow, Owen},
file = {::},
issn = {0824-7935},
journal = {Computational Intelligence},
keywords = {autre part,connaissance de la communication,constati que les approches,d,de manikre coherente un,de recherche dans la,generation,i phrases ou i,identification de la com-,knowledge sources in text,kt6 orient,la plupart des travaux,paragraphes multiples,planification de textes ont,plusieurs chercheurs ont rccemment,posante rhttorique de la,qui permet de structurer,rhetoric,text planning,texte,vers i},
month = nov,
number = {4},
pages = {305--314},
title = {{On the need for domain communication knowledge}},
volume = {7},
year = {1991}
}
@article{Elhadad1999,
author = {Elhadad, Michael and Robin, Jacques},
file = {::},
journal = {Computational Linguistics},
title = {{SURGE : a Comprehensive Plug-in Syntactic Realization Component for Text Generation}},
year = {1999}
}
@book{Reiter2000,
author = {Reiter, E. and Dale, R.},
file = {:home/romina/.local/share/data/Mendeley Ltd./Mendeley Desktop/Downloaded/Unknown - Unknown - No Title(5).pdf:pdf},
publisher = {Cambridge University Press},
title = {{Building natural language generation systems}},
year = {2000}
}
@article{Reape1999,
author = {Reape, Mike and Mellish, Chris},
file = {:home/romina/.local/share/data/Mendeley Ltd./Mendeley Desktop/Downloaded/Reape, Mellish - 1999 - Just what is aggregation anyway.pdf:pdf},
journal = {Discourse},
pages = {20--29},
publisher = {Citeseer},
title = {{Just what is aggregation anyway?}},
year = {1999}
}
@article{Reiter2003,
author = {Reiter, Ehud and Robertson, Roma and Osman, Liesl M.},
file = {:home/romina/.local/share/data/Mendeley Ltd./Mendeley Desktop/Downloaded/Reiter, Robertson, Osman - 2003 - Lessons from a failure Generating tailored smoking cessation letters.pdf:pdf},
issn = {00043702},
journal = {Artificial Intelligence},
keywords = {ai and medicine,ai methodology,clinical trials,evaluation,knowledge acquisition,natural language generation,natural language processing,negative results,smoking cessation,user modelling},
month = mar,
number = {1-2},
pages = {41--58},
title = {{Lessons from a failure: Generating tailored smoking cessation letters}},
volume = {144},
year = {2003}
}
@article{Duboue2003,
address = {Morristown, NJ, USA},
author = {Duboue, Pablo a. and McKeown, Kathleen R.},
file = {:home/romina/.local/share/data/Mendeley Ltd./Mendeley Desktop/Downloaded/Duboue, McKeown - 2003 - Statistical acquisition of content selection rules for natural language generation.pdf:pdf},
journal = {Proceedings of the 2003 conference on Empirical methods in natural language processing -},
pages = {121--128},
publisher = {Association for Computational Linguistics},
title = {{Statistical acquisition of content selection rules for natural language generation}},
volume = {10},
year = {2003}
}
@article{Callaway2005,
author = {Callaway, Charles and Not, Elena and Novello, Alessandra and Rocchi, Cesare and Stock, Oliviero and Zancanaro, Massimo},
file = {::},
issn = {00043702},
journal = {Artificial Intelligence},
keywords = {a,ac,automatic cinematography,c,callaway,ccallawa,corresponding author,e,e-mail addresses,ed,inf,it,itc,m,multimedia presentations,natural language generation,not,novello,o,rocchi,stock,uk,zancana,zancanaro},
month = jun,
number = {1},
pages = {57--89},
title = {{Automatic cinematography and multilingual NLG for generating video documentaries}},
volume = {165},
year = {2005}
}
@inproceedings{Areces2008,
address = {Morristown, NJ, USA},
author = {Areces, Carlos and Koller, Alexander and Striegnitz, Kristina},
booktitle = {Proceedings of the Fifth International Natural Language Generation Conference on - INLG '08},
file = {::},
pages = {42--49},
publisher = {Association for Computational Linguistics},
title = {{Referring expressions as formulas of description logic}},
year = {2008}
}
@article{Barzilay2008,
author = {Barzilay, Regina and Lapata, Mirella},
file = {:home/romina/.local/share/data/Mendeley Ltd./Mendeley Desktop/Downloaded/Barzilay, Lapata - 2008 - Modeling Local Coherence An Entity-Based Approach.pdf:pdf},
issn = {0891-2017},
journal = {Computational Linguistics},
month = mar,
number = {1},
pages = {1--34},
title = {{Modeling Local Coherence: An Entity-Based Approach}},
volume = {34},
year = {2008}
}
@inproceedings{Reiter1994,
author = {Reiter, E.},
booktitle = {Proceedings of the Seventh International Workshop on Natural Language Generation},
file = {:home/romina/.local/share/data/Mendeley Ltd./Mendeley Desktop/Downloaded/Unknown - Unknown - No Title(2).pdf:pdf},
pages = {163--170},
publisher = {Association for Computational Linguistics},
title = {{Has a consensus NL generation architecture appeared, and is it psycholinguistically plausible?}},
year = {1994}
}
@book{Manning2000,
author = {Manning, Christopher D and Sch\"{u}tze, Hinrich},
booktitle = {Reading},
file = {:home/romina/impuestos/imp/snlp.pdf:pdf},
title = {{Foundations of Statistical Natural Language Processing}},
year = {2000}
}
@book{Hertz1991,
abstract = {This book is a comprehensive introduction to the neural network models currently under intensive study for computational applications. It is a detailed, logically-developed treatment that covers the theory and uses of collective computational networks, including associative memory, feed forward networks, and unsupervised learning. It also provides coverage of neural network applications in a variety of problems of both theoretical and practical interest.},
author = {Hertz, J and Krogh, A and Palmer, R G},
booktitle = {Introduction to the Theory of Neural Computation},
chapter = {nine},
editor = {Hertz, J and Krogh, Anders and Palmer, Richard},
isbn = {0201515601},
pages = {327},
publisher = {Addison-Wesley},
series = {Santa Fe Institute Studies in Sciences of Complexity},
title = {{Introduction to the Theory of Neural Computation}},
volume = {1},
year = {1991}
}
@article{KrahmerEmielandVanDeemter2011,
author = {Krahmer, Emiel and Deemter, Kees Van},
file = {:home/romina/REG-survey-final.pdf:pdf},
journal = {Computational Linguistics},
title = {{Computational Generation of Referring Expressions: A Survey}},
year = {2011}
}
@article{Dale2009,
address = {Morristown, NJ, USA},
author = {Dale, Robert and Viethen, Jette},
file = {:home/romina/.local/share/data/Mendeley Ltd./Mendeley Desktop/Downloaded/Dale, Viethen - 2009 - Referring expression generation through attribute-based heuristics.pdf:pdf},
journal = {Proceedings of the 12th European Workshop on Natural Language Generation - ENLG '09},
number = {March},
pages = {58--65},
publisher = {Association for Computational Linguistics},
title = {{Referring expression generation through attribute-based heuristics}},
year = {2009}
}
@article{Stone2003,
author = {Stone, Matthew and Doran, Christine and Webber, Bonnie and Bleam, Tonia and Palmer, Martha},
file = {::},
issn = {0824-7935},
journal = {Computational Intelligence},
month = nov,
number = {4},
pages = {311--381},
title = {{Microplanning with Communicative Intentions: The SPUD System}},
volume = {19},
year = {2003}
}
@inproceedings{Belz2008,
address = {Morristown, NJ, USA},
author = {Belz, Anja and Gatt, Albert},
booktitle = {Proceedings of the 46th Annual Meeting of the Association for Computational Linguistics on Human Language Technologies Short Papers - HLT '08},
file = {::},
number = {June},
pages = {197},
publisher = {Association for Computational Linguistics},
title = {{Intrinsic vs. extrinsic evaluation measures for referring expression generation}},
year = {2008}
}
@inproceedings{Cox1999,
author = {Cox, Richard and O'Donnell, Mick and Oberlander, Jon},
booktitle = {Proceedings of the Artificial Intelligence in Education conference},
file = {::},
pages = {181----188},
publisher = {Citeseer},
title = {{Dynamic versus static hypermedia in museum education: an evaluation of ILEX, the intelligent labelling explorer}},
year = {1999}
}
@inproceedings{Langkilde1995,
author = {{Langkilde, Irene and Knight}, Kevin},
booktitle = {International Natural Language Generation Workshop},
file = {::},
pages = {248--255},
title = {{The practical value of n-grams in generation}},
year = {1998}
}
@inproceedings{DaleRobertandHaddock1991,
author = {{Dale, Robert and Haddock}, Nicholas},
booktitle = {EACL '91 Proceedings of the fifth conference on European chapter of the Association for Computational Linguistics},
file = {::},
issn = {1551-6709},
month = oct,
pmid = {22040610},
title = {{Generation of Referring Expressions Involving Relations}},
year = {1991}
}
@article{Krahmer2003,
author = {Krahmer, Emiel and Erk, Sebastiaan Van and Verleg, Andr\'{e}},
file = {::},
issn = {0891-2017},
journal = {Computational Linguistics},
month = mar,
number = {1},
pages = {53--72},
title = {{Graph-Based Generation of Referring Expressions}},
volume = {29},
year = {2003}
}
@article{Mellish2006,
author = {Mellish, Chris and Scott, Donia and Cahill, Lynne and Paiva, Daniel and Evans, Roger and Reape, Mike},
file = {::},
isbn = {1351324906004},
issn = {1351-3249},
journal = {Natural Language Engineering},
month = mar,
number = {01},
pages = {1},
title = {{A Reference Architecture for Natural Language Generation Systems}},
volume = {12},
year = {2006}
}
@InProceedings{viethen-dale:2011:UCNLG+Eval,
  author    = {Viethen, Jette  and  Dale, Robert},
  title     = {GRE3D7: A Corpus of Distinguishing Descriptions for Objects in Visual Scenes},
  booktitle = {Proceedings of the UCNLG+Eval: Language Generation and Evaluation Workshop},
  month     = {July},
  year      = {2011},
  address   = {Edinburgh, Scotland},
  publisher = {Association for Computational Linguistics},
  pages     = {12--22},
}

@article{Reiter09,
author = {Reiter, Ehud and Belz, Anja},
file = {:home/romina/impuestos/imp/10.1.1.156.9605.pdf:pdf},
journal = {Computational Linguistics},
number = {December 2008},
title = {{An Investigation into the Validity of Some Metrics for Automatically Evaluating Natural Language Generation Systems}},
year = {2009}
}

@InProceedings{KolByrCasDalStrMooObe09, 
   author = {Alexander Koller and Donna Byron and Justine Cassell 
             and Robert Dale and Kristina Striegnitz and Johanna 
             Moore and Jon Oberlander}, 
   title  = {The software architecture for the First Challenge on 
             Generating Instructions in Virtual Environments}, 
   year   = 2009, 
   booktitle = {Proceedings of the 12th Conference of the European 
             Chapter of the ACL (Demo Session)}, 
   address = {Athens} 
} 
