@incollection{saha:incre07,
   author = {Saha, D.},
   title = {An Incremental Bisimulation Algorithm},
   booktitle = {FSTTCS 2007: Foundations of Software Technology and Theoretical Computer Science},
   series = {LNCS},
   editor = {Arvind, V. and Prasad, S.},
   publisher = {Springer Berlin / Heidelberg},
   pages = {204--215},
   volume = {4855},
   year = {2007}
}

@InProceedings{viet:algo06,
  author =       {J. Viethen and R. Dale},
  title =        {Algorithms for Generating Referring Expressions: Do They Do What People Do?},
  booktitle = {Proc.\  of the 4th INLG},
  year =         2006
}

@InProceedings{deem:buil06,
  author =       {K. van Deemter and I. van der Sluis and A. Gatt},
  title =        {Building a semantically transparent corpus for the generation of referring expressions},
  booktitle = {Proc.\ of the 4th INLG},
  year =         2006}

@inproceedings{dale:refe09,
 author = {Dale, R. and Viethen, J.},
 title = {Referring expression generation through attribute-based heuristics},
 booktitle = {Proc. of the 12th ENLG workshop},
 year = {2009},
 pages = {58--65},
 location = {Athens, Greece},
 }

@book{gare:comp79,
  author = {M. Garey and D. Johnson},
  title = {Computers and Intractability: A Guide to the Theory of {NP}-Completeness},
  publisher = {W. Freeman},
  year = 1979
}

@book{ebbi:math96,
  title = {Mathematical Logic},
  author = {H. Ebbinghaus and J. Flum and W. Thomas},
  publisher = {Springer},
  year = {1996}
}

 @Book{baad:desc03,
   editor =      {Baader, F. and McGuiness, D. and Nardi, D. and Patel-Schneider, P. },
   title =       {The Description Logic Handbook: Theory, implementation and applications},
   publisher =   {Cambridge University Press},
   year =        2003
 }


@inproceedings{ dale89cooking,
    author = "R. Dale",
    title = "Cooking up referring expressions",
    booktitle = "Proc. of the 27th ACL",
    year = "1989"
}

@article{Dale1995,
        Author = {R. Dale and E. Reiter},
        Journal = {Cognitive Science},
        Title = {Computational Interpretations of the {Gricean} Maxims in the Generation of Referring Expressions},
        Volume = {19},
        Year = {1995}}

@inproceedings{Stone2000,
        Author = {M. Stone},
        Booktitle = {Proc.\ of the 1st INLG},
        Title = {On identifying sets},
        Year = {2000}}

@Article{deemter02:_gener_refer_expres,
  author =       {K. van Deemter},
  title =        {Generating Referring Expressions: Boolean Extensions of the Incremental Algorithm},
  journal =      {Computational Linguistics},
  year =         2002,
  volume =       28,
  number =       1,
  pages =        {37--52}}

@InProceedings{dale91:_gener_refer_expres_invol_relat,
  author =       {R. Dale and N. Haddock},
  title =        {Generating referring expressions involving relations},
  booktitle = {Proc.\  of the 5th EACL},
  year =         1991
}

@INPROCEEDINGS{HHK95,
    author = {M. R. Henzinger and T. A. Henzinger and P. W. Kopke},
    title = {Computing Simulations on Finite and Infinite Graphs},
    booktitle = {Proc. of 36th Annual Symposium on Foundations of Computer Science},
    year = {1995},
    pages = {453--462},
    publisher = {IEEE Computer Society Press}
}

@INPROCEEDINGS{AKS08,
  author = {C. Areces and A. Koller and K. Striegnitz},
  title = {Referring Expressions as Formulas of Description Logic},
  booktitle = {Proc. of the 5th INLG},
  year = {2008},
  address = {Salt Fork, OH, USA},
}

@PHDTHESIS{vB76,
    AUTHOR       = {J. van Benthem},
    TITLE        = {Modal Correspondence Theory},
    SCHOOL       = {Universiteit van Amsterdam, Instituut voor Logica en Grondslagenonderzoek van Exacte Wetenschappen},
    YEAR         = {1976}
    }

@ARTICLE{B00,
    author = {P. Blackburn},
    title = {Representation, Reasoning, and Relational Structures: a Hybrid Logic Manifesto},
    journal = {Logic Journal of IGPL},
    year = {2000},
    volume = {8},
    pages = {2000}
}

@book{BBW06,
 author = {P. Blackburn and J. van Benthem and F. Wolter},
 title = {Handbook of Modal Logic, Volume 3 (Studies in Logic and Practical Reasoning)},
 year = {2006},
 publisher = {Elsevier Science Inc.},
 address = {New York, NY, USA},
 }

@INPROCEEDINGS{BdS92,
  author = {A. Bouali and R. de Simone},
  title = {Symbolic bisimulation minimization},
  booktitle = {CAV'92},
  series = {LNCS},
  volume = {663},
  year = {1992},
}

@INPROCEEDINGS{BFH90,
  author = {A. Boujjani and J.C. Fernandez and N. Halbwachs},
  title = {Minimal model generation},
  booktitle = {CAV'90},
  series = {LNCS},
  volume = {531},
  year = {1990},
}

@book{CGP00,
 author = {E. Clarke, O.Grumberg and D. A. Peled. },
 title = {Model checking},
 year = {2000},
 publisher = {MIT Press},
 }


@book{CS01,
 author = {R. Cleaveland and O. Sokolsky. },
 title = {Equivalence and preorder checking for finite-state systems},
 year = {2001},
 publisher = {North-Holland},
 series = {Handbook of Process Algebra}
 }

@ARTICLE{DPP03,
    author = {A. Dovier and C. Piazza and A. Policriti},
    title = {An Efficient Algorithm for Computing Bisimulation Equivalence},
    journal = {Theor. Comput. Sci},
    year = {2004},
    volume = {311},
    pages = {221--256}
}

@inproceedings{FM99,
 author = {K. Fisler and M. Vardi},
 title = {Bisimulation and Model Checking},
 booktitle = {CHARME '99: Proceedings of the 10th IFIP WG 10.5 Advanced Research Working Conference on Correct Hardware Design and Verification Methods},
 year = {1999},
 isbn = {3-540-66559-5},
 pages = {338--341},
 publisher = {Springer-Verlag},
 address = {London, UK},
 series = {LNCS},
 volume = {1703}
 }


@ARTICLE{FH83,
    AUTHOR       = {M. Forti and F. Honsell},
    TITLE        = {Set theory with free construction principles},
    JOURNAL      = {Annali della Scuola Normale Superiore di Pisa - Classe di Scienze},
    NUMBER       = {Sr. 4, 10 no. 3},
    PAGES        = {493--522},
    YEAR         = {1983}
    }

@ARTICLE{GPP03,
    author = {R. Gentilini and C. Piazza and A. Policriti},
    title = {From Bisimulation to Simulation - Coarsest Partition Problems},
    journal = {J. Automated Reasoning},
    year = {2002},
    volume = {31},
    pages = {73--103}
}

@techreport{891883,
 author = {Hopcroft, John},
 title = {An $n \log n$ algorithm for minimizing states in a finite automaton},
 year = {1971},
 source = {http://www.ncstrl.org:8900/ncstrl/servlet/search?formname=detail\&id=oai%3Ancstrlh%3Astan%3ASTAN%2F%2FCS-TR-71-190},
 publisher = {Stanford University},
 address = {Stanford, CA, USA},
 }

@book{H71,
 author = {J. Hopcroft},
 title = {An $n log(n)$ algorithm for minimizing states in a finite automaton},
 year = {1971},
 publisher = {Academic Press},
 series = {In Z. Kohave, editor, {\em Theory of Machines and Computations}}
 }

@article{KS90,
 author = {P. Kanellakis and S. Smolka},
 title = {CCS expressions finite state processes, and three problems of equivalence},
 journal = {Inf. Comput.},
 volume = {86},
 number = {1},
 year = {1990},
 issn = {0890-5401},
 pages = {43--68},
 doi = {http://dx.doi.org/10.1016/0890-5401(90)90025-D},
 publisher = {Academic Press, Inc.},
 address = {Duluth, MN, USA},
 }

@inproceedings{KM02,
 author = {A. Kucera, and R. Mayr},
 title = {Why Is Simulation Harder than Bisimulation?},
 booktitle = {CONCUR '02: Proceedings of the 13th International Conference on Concurrency Theory},
 year = {2002},
 isbn = {3-540-44043-7},
 pages = {594--610},
 publisher = {Springer-Verlag},
 address = {London, UK},
 series = {LNCS},
 volume = {2421},
 }

@article{KR99,
 author = {N. Kurtonina and M. de Rijke},
 title = {Expressiveness of concept expressions in first-order description logics},
 journal = {Artif. Intell.},
 volume = {107},
 number = {2},
 year = {1999},
 issn = {0004-3702},
 pages = {303--333},
 doi = {http://dx.doi.org/10.1016/S0004-3702(98)00109-X},
 publisher = {Elsevier Science Publishers Ltd.},
 address = {Essex, UK},
 }

@article{KR97,
 author = {N. Kurtonina and M. de Rijke},
 title = {Simulating without Negation},
 journal = {Journal of Logic and Computation},
 volume = {7},
 year = {1997},
 pages = {503--524},
 }


@inproceedings{LY92,
 author = {D. Lee and M. Yannakakis},
 title = {Online minimization of transition systems},
 booktitle = {STOC '92: Proceedings of the 24th.\ annual ACM symposium on Theory of computing},
 year = {1992},
 isbn = {0-89791-511-9},
 pages = {264--274},
 location = {Victoria, British Columbia, Canada},
 doi = {http://doi.acm.org/10.1145/129712.129738},
 publisher = {ACM},
 address = {New York, NY, USA},
 }

@book{M80,
 author = {R. Milner.},
 title = {A Calculus of Communicating Systems},
 year = {1980},
 series = {LNCS},
 volume = {92},
 publisher = {Springer}
 }

@article{PT87,
 author = {R. Paige and R. Tarjan},
 title = {Three partition refinement algorithms},
 journal = {SIAM J. Comput.},
 volume = {16},
 number = {6},
 year = {1987},
 issn = {0097-5397},
 pages = {973--989},
 doi = {http://dx.doi.org/10.1137/0216062},
 publisher = {Society for Industrial and Applied Mathematics},
 address = {Philadelphia, PA, USA},
 }

@inproceedings{P81,
 author = {D. Park},
 title = {Concurrency and Automata on Infinite Sequences},
 booktitle = {Proceedings of the 5th GI-Conference on Theoretical Computer Science},
 year = {1981},
 isbn = {3-540-10576-X},
 pages = {167--183},
 series = {LNCS},
 volume = {104},
 publisher = {Springer-Verlag},
 address = {London, UK},
 }

@article{S08,
 author = {D. Sangiorgi},
 title = {On the origins of bisimulation and coinduction},
 journal = {ACM Trans. Program. Lang. Syst.},
 volume = {31},
 number = {4},
 year = {2009},
 issn = {0164-0925},
 pages = {1--41},
 doi = {http://doi.acm.org/10.1145/1516507.1516510},
 publisher = {ACM},
 address = {New York, NY, USA},
 }

@book{V89,
 author = {Vickers, Steven},
 title = {Topology via logic},
 year = {1989},
 isbn = {0-521-36062-5},
 publisher = {Cambridge University Press},
 address = {New York, NY, USA},
 }

@MISC{GLYC,
    author = {Research Lab},
    howpublished = {{Dept. Comp. Sci., FCEN, UBA, Argentina}},
    title = {{GLyC (Group in Logic, Language and Computability)}},
    note = {http://www.glyc.uba.ar}
    }

@MISC{LAFHIS,
    author = {Research Lab},
    howpublished = {{Dept. Comp. Sci., FCEN, UBA, Argentina}},
    title = {{LAFHIS}},
    note = {http://www.lafhis.dc.uba.ar}
    }

@MISC{LSV,
    author = {Research Lab},
    howpublished = {{cole normale suprieure de Cachan, France}},
    title = {{LSV (Laboratorie de Spcificacion et Vrification)}},
    note = {http://www.lsv.ens-cachan.fr/index-en.php}
    }

@MISC{TALARIS,
    author = {Research Lab},
    howpublished = {{LORIA, Nancy, France}},
    title = {TALARIS {(Natural Languaje Processing: Representations, Inferences and Semantics)}},
    note = {http://led.loria.fr/dokuwiki/doku.php}
    }


@BOOK{BRV01,
    AUTHOR       = {P. Blackburn and M. de Rijke and Y. Venema},
    TITLE        = {Modal Logic},
    PUBLISHER    = {Cambridge University Press},
    YEAR         = {2001}
}

@article{Krahmer2003,
        Author = {E. Krahmer and S. van Erk and A. Verleg},
        Journal = {Computational Linguistics},
        Number = {1},
        Title = {Graph-based Generation of Referring Expressions},
        Volume = {29},
        Year = {2003}}

@inproceedings{hora:algo97,
 author = {Horacek, H.},
 title = {An algorithm for generating referential descriptions with flexible interfaces},
 booktitle = {Proc. of the 35th ACL},
 year = {1997},
 pages = {206--213},
 location = {Madrid, Spain},
 doi = {http://dx.doi.org/10.3115/979617.979644},
 }

 @inproceedings{ston:text98,
   author = {M. Stone and B. Webber},
   title={Textual Economy through Close Coupling of Syntax and Semantics},
   booktitle={Proc. of the 9th INLG workshop},
   pages={178--187},
   year=1998
 }

@INPROCEEDINGS{FG10,
    AUTHOR       = {Santiago Figueira and Daniel Gor\'{\i}n.},
    TITLE        = {On the size of shortest modal descriptions.},
    BOOKTITLE    = {Advances in Modal Logic},
    VOLUME = {8},
    PAGES        = {114--132},
    YEAR         = {2010}
    }
