@Article{ ejem1,
	title= "titulo del ejemplo1",
	author= "autor ejemplo",
	journal = "Journal ejemplo",
	pages = "259--294",
	volume = 13,
	year = 1989,
}

